@InProceedings{Cutajar2016,
  title = 	 {Preconditioning kernel matrices},
  author = 	 {Cutajar, Kurt and Osborne, Michael and Cunningham, Johnn and Filippone, Maurizio},
  booktitle = 	 {Proceedings of the International Conference on Machine Learning},
  year = 	 {2016},
series = 	 {Proceedings of Machine Learning Research}
}

@InProceedings{cunningham2008,
  title = 	 {Fast Gaussian process methods for point process estimation},
  author = 	 {Cunningham, John and Shenoy, K and Sahani, Maneesh},
  booktitle = 	 {Proceedings of the International Conference on Machine Learning},
  year = 	 {2008},
series = 	 {Proceedings of Machine Learning Research}
}


@article{foreman2017celerite,
  title={Fast and scalable Gaussian process modeling with applications to astronomical time series},
  author={Foreman-Mackey, Daniel and Agol, Eric and Ambikasaran, Sivaram and Angus, Ruth},
  journal={The Astronomical Journal},
  volume={154},
  number={6},
  pages={220},
  year={2017},
  publisher={IOP Publishing}
}

@inproceedings{gardner2018gpytorch,
  title={Gpytorch: Blackbox matrix-matrix gaussian process inference with gpu acceleration},
  author={Gardner, Jacob and Pleiss, Geoff and Weinberger, Kilian Q and Bindel, David and Wilson, Andrew G},
  booktitle={Advances in Neural Information Processing Systems},
  pages={7576--7586},
  year={2018}
}

@article{tsiligkaridis2013covariance,
  title={Covariance estimation in high dimensions via kronecker product expansions},
  author={Tsiligkaridis, Theodoros and Hero, Alfred O},
  journal={IEEE Transactions on Signal Processing},
  volume={61},
  number={21},
  pages={5347--5360},
  year={2013},
  publisher={IEEE}
}

@article{vaart2011information,
  title={Information rates of nonparametric Gaussian process methods},
  author={Vaart, Aad van der and Zanten, Harry van},
  journal={Journal of Machine Learning Research},
  volume={12},
  number={Jun},
  pages={2095--2119},
  year={2011}
}

@inproceedings{hartikainen2011sparse,
  title={Sparse spatio-temporal Gaussian processes with general likelihoods},
  author={Hartikainen, Jouni and Riihim{\"a}ki, Jaakko and S{\"a}rkk{\"a}, Simo},
  booktitle={International Conference on Artificial Neural Networks},
  pages={193--200},
  year={2011},
  organization={Springer}
}

@book{reinsel2003elements,
  title={Elements of Multivariate Time Series Analysis},
  author={Reinsel, G.C.},
  isbn={9780387406190},
  lccn={96049573},
  series={Springer Series in Statistics},
  year={2003},
  publisher={Springer New York}
}




@article{riihimaki2014laplace,
  title={Laplace approximation for logistic Gaussian process density estimation and regression},
  author={Riihim{\"a}ki, Jaakko and Vehtari, Aki and others},
  journal={Bayesian analysis},
  volume={9},
  number={2},
  pages={425--448},
  year={2014},
  publisher={International Society for Bayesian Analysis}
}

@article{nishihara2014parallel,
  title={Parallel MCMC with generalized elliptical slice sampling},
  author={Nishihara, Robert and Murray, Iain and Adams, Ryan P},
  journal={The Journal of Machine Learning Research},
  volume={15},
  number={1},
  pages={2087--2112},
  year={2014},
  publisher={JMLR. org}
}

@article{dempster1977maximum,
  title={Maximum likelihood from incomplete data via the EM algorithm},
  author={Dempster, Arthur P and Laird, Nan M and Rubin, Donald B},
  journal={Journal of the Royal Statistical Society: Series B (Methodological)},
  volume={39},
  number={1},
  pages={1--22},
  year={1977},
  publisher={Wiley Online Library}
}

@article{vatiwutipong2019alternative,
  title={Alternative way to derive the distribution of the multivariate Ornstein--Uhlenbeck process},
  author={Vatiwutipong, P and Phewchean, N},
  journal={Advances in Difference Equations},
  volume={2019},
  number={1},
  pages={1--7},
  year={2019},
  publisher={SpringerOpen}
}

@inproceedings{nguyen2014automated,
  title={Automated variational inference for Gaussian process models},
  author={Nguyen, Trung V and Bonilla, Edwin V},
  booktitle={Advances in Neural Information Processing Systems},
  pages={1404--1412},
  year={2014}
}

@incollection{savin2016,
title = {Estimating Nonlinear Neural Response Functions using GP Priors and Kronecker Methods},
author = {Savin, Cristina and Tkacik, Gasper},
booktitle = {Advances in Neural Information Processing Systems 29},
editor = {D. D. Lee and M. Sugiyama and U. V. Luxburg and I. Guyon and R. Garnett},
pages = {3603--3611},
year = {2016},
}

@article{smith2003estimating,
  title={Estimating a state-space model from point process observations},
  author={Smith, Anne C and Brown, Emery N},
  journal={Neural computation},
  volume={15},
  number={5},
  pages={965--991},
  year={2003},
  publisher={MIT Press}
}

@book{fahrmeir2013multivariate,
  title={Multivariate statistical modelling based on generalized linear models},
  author={Fahrmeir, Ludwig and Tutz, Gerhard},
  year={2013},
  publisher={Springer Science \& Business Media}
}

@inproceedings{gao2016linear,
  title={Linear dynamical neural population models through nonlinear embeddings},
  author={Gao, Yuanjun and Archer, Evan W and Paninski, Liam and Cunningham, John P},
  booktitle={Advances in neural information processing systems},
  pages={163--171},
  year={2016}
}


@article{rad2010efficient,
  title={Efficient, adaptive estimation of two-dimensional firing rate surfaces via Gaussian process methods},
  author={{Rahnama Rad}, Kamiar and Paninski, Liam},
  journal={Network: Computation in Neural Systems},
  volume={21},
  number={3-4},
  pages={142--168},
  year={2010},
  publisher={Taylor \& Francis}
}

@article{de1988likelihood,
  title={The likelihood for a state space model},
  author={De Jong, Piet},
  journal={Biometrika},
  volume={75},
  number={1},
  pages={165--169},
  year={1988},
  publisher={Oxford University Press}
}

@book{bhatia2015positive,
  title={Positive Definite Matrices},
  author={Bhatia, R.},
  isbn={9780691168258},
  series={Princeton Series in Applied Mathematics},
  year={2015},
  publisher={Princeton University Press}
}


@book{coffey2004langevin,
  title={The Langevin Equation: With Applications to Stochastic Problems in Physics, Chemistry, and Electrical Engineering},
  author={Coffey, W. and Kalmykov, Y.P. and Waldron, J.T.},
  isbn={9789812384621},
  lccn={2006276587},
  series={Series in contemporary chemical physics},
  year={2004},
  publisher={World Scientific}
}


@article{Doucet,
  title={A note on efficient conditional simulation of Gaussian distributions},
  author={Doucet, A},
  journal={Departments of Computer Science and Statistics, University of British Columbia},
  note = {Online at \url{http://www.stats.ox.ac.uk/~doucet/doucet_simulationconditionalgaussian.pdf}},
  year={2010}
}



@InProceedings{Nickisch,
  title = 	 {State Space {G}aussian Processes with Non-{G}aussian Likelihood},
  author = 	 {Nickisch, Hannes and Solin, Arno and Grigorevskiy, Alexander},
  booktitle = 	 {Proceedings of the International Conference on Machine Learning},
  pages = 	 {3789--3798},
  year = 	 {2018},
  editor = 	 {Dy, Jennifer and Krause, Andreas},
  volume = 	 {80},
  series = 	 {Proceedings of Machine Learning Research},
  address = 	 {Stockholmsmässan, Stockholm Sweden},
  month = 	 {10--15 Jul},
  publisher = 	 {PMLR},
  pdf = 	 {http://proceedings.mlr.press/v80/nickisch18a/nickisch18a.pdf},
  abstract = 	 {We provide a comprehensive overview and tooling for GP modelling with non-Gaussian likelihoods using state space methods. The state space formulation allows for solving one-dimensonal GP models in O(n) time and memory complexity. While existing literature has focused on the connection between GP regression and state space methods, the computational primitives allowing for inference using general likelihoods in combination with the Laplace approximation (LA), variational Bayes (VB), and assumed density filtering (ADF) / expectation propagation (EP) schemes has been largely overlooked. We present means of combining the efficient O(n) state space methodology with existing inference methods. We also furher extend existing methods, and provide unifying code implementing all approaches.}
}

@inproceedings{kiss-gp,
  title={Kernel interpolation for scalable structured Gaussian processes (KISS-GP)},
  author={Wilson, Andrew and Nickisch, Hannes},
  booktitle={Proceedings of the International Conference on Machine Learning},
  pages={1775--1784},
  year={2015}
}

@article{de2017gpflow,
  title={GPflow: A Gaussian process library using TensorFlow},
  author={De G. Matthews, Alexander G and Van Der Wilk, Mark and Nickson, Tom and Fujii, Keisuke and Boukouvalas, Alexis and Le{\'o}n-Villagr{\'a}, Pablo and Ghahramani, Zoubin and Hensman, James},
  journal={The Journal of Machine Learning Research},
  volume={18},
  number={1},
  pages={1299--1304},
  year={2017},
  publisher={JMLR. org}
}

@inproceedings{Khan,
  title={Conjugate-computation variational inference},
  author={Khan, Mohammad Emtiyaz and Lin, Wu},
  year={2017},
  booktitle={Proceedings of Artificial Intelligence and Statistics}
}

@article{blei2017variational,
  title={Variational inference: A review for statisticians},
  author={Blei, David M and Kucukelbir, Alp and McAuliffe, Jon D},
  journal={Journal of the American statistical Association},
  volume={112},
  number={518},
  pages={859--877},
  year={2017},
  publisher={Taylor \& Francis}
}

@article{Gillis2019,
  title={On approximating the nearest $\Omega$-stable matrix},
  author={Choudhary, Neelam and Gillis, Nicolas and Sharma, Punit},
  journal={arXiv preprint arXiv:1901.03069},
  year={2019}
}

@article{Ambikasaran2015,
  title={Fast direct methods for Gaussian processes},
  author={Ambikasaran, Sivaram and Foreman-Mackey, Daniel and Greengard, Leslie and Hogg, David W and O’Neil, Michael},
  journal={IEEE transactions on pattern analysis and machine intelligence},
  volume={38},
  number={2},
  pages={252--265},
  year={2015},
  publisher={IEEE}
}

@inproceedings{Wang2019,
  title={Exact Gaussian processes on a million data points},
  author={Wang, Ke and Pleiss, Geoff and Gardner, Jacob and Tyree, Stephen and Weinberger, Kilian Q and Wilson, Andrew Gordon},
  booktitle={Advances in Neural Information Processing Systems},
  pages={14622--14632},
  year={2019}
}

@book{hackbusch2013multi,
  title={Multi-Grid Methods and Applications},
  author={Hackbusch, W.},
  isbn={9783662024270},
  lccn={85014845},
  series={Springer Series in Computational Mathematics},
  year={2013},
  publisher={Springer Berlin Heidelberg}
}

@inproceedings{mukadam2016gaussian,
  title={Gaussian process motion planning},
  author={Mukadam, Mustafa and Yan, Xinyan and Boots, Byron},
  booktitle={2016 IEEE international conference on robotics and automation},
  pages={9--15},
  year={2016},
  organization={IEEE}
}



@inproceedings{gonzalez2009residual,
  title={Residual splash for optimally parallelizing belief propagation},
  author={Gonzalez, Joseph and Low, Yucheng and Guestrin, Carlos},
  booktitle={Proceedings of Artificial Intelligence and Statistics},
  year={2009}
}

@book{1988multigrid,
  title={multigrid methods: theory, applications, and supercomputing},
  isbn={9780824779795},
  lccn={lc88009554},
  series={Lecture Notes in Pure and Applied Mathematics},
  year={1988},
  publisher={Taylor \& Francis}
}

@article{zanella2017analysis,
  title={Analysis of the Gibbs Sampler for Gaussian hierarchical models via multigrid decomposition},
  author={Zanella, Giacomo and Roberts, Gareth},
  journal={arXiv preprint arXiv:1703.06098},
  year={2017}
}

@article{devroye1979l1,
  title={The L1 convergence of kernel density estimates},
  author={Devroye, LP and Wagner, TJ},
  journal={The Annals of Statistics},
  pages={1136--1139},
  year={1979},
  publisher={JSTOR}
}

@article{glick1974consistency,
  title={Consistency conditions for probability estimators and integrals of density estimators},
  author={Glick, N},
  journal={Utilitas Mathematica},
  volume={6},
  pages={61--74},
  year={1974}
}

@book{donoghue2014distributions,
  title={Distributions and Fourier Transforms},
  author={Donoghue, W.F.},
  isbn={9780080873442},
  series={ISSN},
  url={https://books.google.com/books?id=P30Y7daiGvQC},
  year={2014},
  publisher={Elsevier Science}
}

@article{gander1997cyclic,
  title={Cyclic reduction—history and applications},
  author={Gander, Walter and Golub, Gene H},
  journal={Scientific computing (Hong Kong, 1997)},
  pages={73--85},
  year={1997}
}

@article{buesing2012learning,
  title={Learning stable, regularised latent models of neural population dynamics},
  author={Buesing, Lars and Macke, Jakob H and Sahani, Maneesh},
  journal={Network: Computation in Neural Systems},
  volume={23},
  number={1-2},
  pages={24--47},
  year={2012},
  publisher={Taylor \& Francis}
}

@inproceedings{papandreou2010gaussian,
  title={Gaussian sampling by local perturbations},
  author={Papandreou, George and Yuille, Alan L},
  booktitle={Advances in Neural Information Processing Systems},
  pages={1858--1866},
  year={2010}
}

@article{terzopoulos1986image,
  title={Image analysis using multigrid relaxation methods},
  author={Terzopoulos, Demetri},
  journal={IEEE Transactions on Pattern Analysis and Machine Intelligence},
  number={2},
  pages={129--139},
  year={1986},
  publisher={IEEE}
}

@article{cheung2010estimation,
  title={Estimation of cortical connectivity from EEG using state-space models},
  author={Cheung, Bing Leung Patrick and Riedner, Brady Alexander and Tononi, Giulio and Van Veen, Barry D},
  journal={IEEE Transactions on Biomedical engineering},
  volume={57},
  number={9},
  pages={2122--2134},
  year={2010},
  publisher={IEEE}
}

@article{grosmark2016diversity,
  title={Diversity in neural firing dynamics supports both rigid and learned hippocampal sequences},
  author={Grosmark, Andres D and Buzs{\'a}ki, Gy{\"o}rgy},
  journal={Science},
  volume={351},
  number={6280},
  pages={1440--1443},
  year={2016},
  publisher={American Association for the Advancement of Science}
}


@article{quinonero2005unifying,
  title={A unifying view of sparse approximate Gaussian process regression},
  author={Qui{\~n}onero-Candela, Joaquin and Rasmussen, Carl Edward},
  journal={Journal of Machine Learning Research},
  volume={6},
  number={Dec},
  pages={1939--1959},
  year={2005}
}

@inproceedings{snelson2007local,
  title={Local and global sparse Gaussian process approximations},
  author={Snelson, Edward and Ghahramani, Zoubin},
  booktitle={Proceedings of Artificial Intelligence and Statistics},
  year={2007}
}

@article{gilboa2013scaling,
  title={Scaling multidimensional inference for structured Gaussian processes},
  author={Gilboa, Elad and Saat{\c{c}}i, Yunus and Cunningham, John P},
  journal={IEEE transactions on pattern analysis and machine intelligence},
  volume={37},
  number={2},
  pages={424--436},
  year={2013},
  publisher={IEEE}
}

@book{mergner2009applications,
  title={Applications of State Space Models in Finance: An Empirical Analysis of the Time-varying Relationship Between Macroeconomics, Fundamentals and Pan-European Industry Portfolios},
  author={Mergner, S.},
  isbn={9783941875227},
  year={2009},
  publisher={Univ.-Verlag G{\"o}ttingen}
}


@book{brockwell2013time,
  title={Time Series: Theory and Methods},
  author={Brockwell, P.J. and Davis, R.A.},
  isbn={9781489900043},
  lccn={86022047},
  series={Springer Series in Statistics},
  year={2013},
  publisher={Springer New York}
}

@article{jones2013evolutionary,
  title={Evolutionary inference for function-valued traits: Gaussian process regression on phylogenies},
  author={Jones, Nick S and Moriarty, John},
  journal={Journal of The Royal Society Interface},
  volume={10},
  number={78},
  pages={20120616},
  year={2013},
  publisher={The Royal Society}
}

@article{polson2013bayesian,
  title={Bayesian inference for logistic models using P{\'o}lya--Gamma latent variables},
  author={Polson, Nicholas G and Scott, James G and Windle, Jesse},
  journal={Journal of the American statistical Association},
  volume={108},
  number={504},
  pages={1339--1349},
  year={2013},
  publisher={Taylor \& Francis}
}

@inproceedings{low2015parallel,
  title={Parallel Gaussian process regression for big data: Low-rank representation meets Markov approximation},
  author={Low, Kian Hsiang and Yu, Jiangbo and Chen, Jie and Jaillet, Patrick},
  booktitle={Twenty-Ninth AAAI Conference on Artificial Intelligence},
  year={2015}
}

@inproceedings{wilson2014fast,
  title={Fast kernel learning for multidimensional pattern extrapolation},
  author={Wilson, Andrew G and Gilboa, Elad and Nehorai, Arye and Cunningham, John P},
  booktitle={Advances in Neural Information Processing Systems},
  pages={3626--3634},
  year={2014}
}

@article{agrawal2019tensorflow,
  title={TensorFlow Eager: A multi-stage, Python-embedded DSL for machine learning},
  author={Agrawal, Akshay and Modi, Akshay Naresh and Passos, Alexandre and Lavoie, Allen and Agarwal, Ashish and Shankar, Asim and Ganichev, Igor and Levenberg, Josh and Hong, Mingsheng and Monga, Rajat and others},
  journal={arXiv preprint arXiv:1903.01855},
  year={2019}
}

@article{gabitto2019characterizing,
  title={Characterizing the epigenetic landscape of cellular populations from bulk and single-cell ATAC-seq information.},
  author={Gabitto, Mariano I and Rasmussen, Anders and Wapinski, Orly and Allaway, Kathryn and Carriero, Nicholas and Fishell, Gordon J and Bonneau, Richard},
  journal={bioRxiv},
  pages={567669},
  year={2019},
  publisher={Cold Spring Harbor Laboratory}
}

@article{voss2002arma,
  title={ARMA model selection using particle swarm optimization and AIC criteria},
  author={Voss, Mark S and Feng, Xin},
  journal={IFAC Proceedings Volumes},
  volume={35},
  number={1},
  pages={349--354},
  year={2002},
  publisher={Elsevier}
}

@article{buenrostro2015single,
  title={Single-cell chromatin accessibility reveals principles of regulatory variation},
  author={Buenrostro, Jason D and Wu, Beijing and Litzenburger, Ulrike M and Ruff, Dave and Gonzales, Michael L and Snyder, Michael P and Chang, Howard Y and Greenleaf, William J},
  journal={Nature},
  volume={523},
  number={7561},
  pages={486--490},
  year={2015},
  publisher={Nature Publishing Group}
}

@article{lindgren2011explicit,
  title={An explicit link between Gaussian fields and Gaussian Markov random fields: the stochastic partial differential equation approach},
  author={Lindgren, Finn and Rue, H{\aa}vard and Lindstr{\"o}m, Johan},
  journal={Journal of the Royal Statistical Society: Series B (Statistical Methodology)},
  volume={73},
  number={4},
  pages={423--498},
  year={2011},
  publisher={Wiley Online Library}
}

@article{cui2015hepeak,
  title={HEPeak: an HMM-based exome peak-finding package for RNA epigenome sequencing data},
  author={Cui, Xiaodong and Meng, Jia and Rao, Manjeet K and Chen, Yidong and Huang, Yufei},
  journal={BMC genomics},
  volume={16},
  number={S4},
  pages={S2},
  year={2015},
  publisher={Springer}
}

@inproceedings{zhang2005time,
  title={Time-series Gaussian process regression based on Toeplitz computation of O (N 2) operations and O (N)-level storage},
  author={Zhang, Yunong and Leithead, William E and Leith, Douglas J},
  booktitle={Proceedings of the 44th IEEE Conference on Decision and Control},
  pages={3711--3716},
  year={2005},
  organization={IEEE}
}

@article{Paninski2010,
  title={A new look at state-space models for neural data},
  author={Paninski, Liam and Ahmadian, Yashar and Ferreira, Daniel Gil and Koyama, Shinsuke and Rad, Kamiar Rahnama and Vidne, Michael and Vogelstein, Joshua and Wu, Wei},
  journal={Journal of computational neuroscience},
  volume={29},
  number={1-2},
  pages={107--126},
  year={2010},
  publisher={Springer}
}

@article{eubank2002equivalence,
  title={The equivalence between the Cholesky decomposition and the Kalman filter},
  author={Eubank, RL and Wang, Suojin},
  journal={The American Statistician},
  volume={56},
  number={1},
  pages={39--43},
  year={2002},
  publisher={Taylor \& Francis}
}

@article{sweet1974generalized,
  title={A generalized cyclic reduction algorithm},
  author={Sweet, Roland A},
  journal={SIAM Journal on Numerical Analysis},
  volume={11},
  number={3},
  pages={506--520},
  year={1974},
  publisher={SIAM}
}

@article{benavoli2016state,
  title={State Space representation of non-stationary Gaussian Processes},
  author={Benavoli, Alessio and Zaffalon, Marco},
  journal={arXiv preprint arXiv:1601.01544},
  year={2016}
}

@inproceedings{hensman2013gaussian,
  title={Gaussian processes for big data},
  author={Hensman, James and Fusi, Nicolo and Lawrence, Neil D},
  booktitle={Uncertainty in Artificial Intelligence},
  year={2013}
}

@inproceedings{karvonen2016approximate,
  title={Approximate state-space Gaussian processes via spectral transformation},
  author={Karvonen, Toni and Sarkk{\"a}, Simo},
  booktitle={2016 IEEE 26th International Workshop on Machine Learning for Signal Processing},
  pages={1--6},
  year={2016},
  organization={IEEE}
}

@article{keeling2005atmospheric,
  title={Atmospheric carbon dioxide record from Mauna Loa},
  author={Keeling, Charles D and Whorf, TP},
  journal={Carbon Dioxide Research Group, Scripps Institution of Oceanography, University of California La Jolla, California},
  pages={92093--0444},
  year={2005}
}

@inproceedings{wilson2013gaussian,
  title={Gaussian process kernels for pattern discovery and extrapolation},
  author={Wilson, Andrew and Adams, Ryan},
  booktitle={Proceedings of the International Conference on Machine Learning},
  pages={1067--1075},
  year={2013}
}

@article{churchland2012neural,
  title={Neural population dynamics during reaching},
  author={Churchland, Mark M and Cunningham, John P and Kaufman, Matthew T and Foster, Justin D and Nuyujukian, Paul and Ryu, Stephen I and Shenoy, Krishna V},
  journal={Nature},
  volume={487},
  number={7405},
  pages={51},
  year={2012},
  publisher={Nature Publishing Group}
}

